[gd_scene load_steps=13 format=2]

[ext_resource path="res://Battle/Moves/Variants/AttackAndApplyStatusEffectMove/Variants/SearingSlash/SearingSlash.tscn" type="PackedScene" id=1]
[ext_resource path="res://Battle/Combatants/Variants/EnemyCombatant/EnemyCombatant.tscn" type="PackedScene" id=2]
[ext_resource path="res://Battle/Combatants/Variants/EnemyCombatant/Variants/TheCheater/Assets/TheCheatCharacterCard.png" type="Texture" id=3]
[ext_resource path="res://Battle/Combatants/Variants/EnemyCombatant/Variants/TheCheater/Assets/CheatPortrait.png" type="Texture" id=4]
[ext_resource path="res://Assets/CharacterModels/Variants/TheCheatModel/TheCheatModel.tscn" type="PackedScene" id=5]
[ext_resource path="res://Battle/Combatants/Variants/EnemyCombatant/Variants/TheCheater/TheCheater.gd" type="Script" id=6]
[ext_resource path="res://Battle/TargetSelectLogic/Variants/AggressiveTargetSelectLogic/AggressiveTargetSelectLogic.tscn" type="PackedScene" id=7]
[ext_resource path="res://Battle/Moves/Variants/AttackMove/Variants/CheapShot/CheapShot.tscn" type="PackedScene" id=8]
[ext_resource path="res://Battle/Moves/Variants/AttackMove/Variants/BombVoyage/BombVoyage.tscn" type="PackedScene" id=9]
[ext_resource path="res://Battle/Moves/Variants/AttackMove/Variants/LilBuddy/LilBuddy.tscn" type="PackedScene" id=10]
[ext_resource path="res://Battle/Moves/Variants/UniqueMoves/WhoopsieDaisy/WhoopsieDaisy.tscn" type="PackedScene" id=11]
[ext_resource path="res://Battle/Moves/Variants/UniqueMoves/WhatIf/WhatIf.tscn" type="PackedScene" id=12]

[node name="TheCheater" instance=ExtResource( 2 )]
transform = Transform( 0.9, 0, 0, 0, 0.9, 0, 0, 0, 0.9, 0, 0, 0 )
script = ExtResource( 6 )
display_name = "The Cheater"
portrait = ExtResource( 4 )
default_max_hp = 75
default_max_ap = 60
default_speed = 3

[node name="TheCheatModel" parent="Model" index="0" instance=ExtResource( 5 )]

[node name="Portrait" type="Sprite3D" parent="." index="1"]
transform = Transform( 0.93925, 0, 0.343234, 0, 1, 0, -0.343234, 0, 0.93925, 0, 3.89274, 0 )
visible = false
pixel_size = 0.006
texture = ExtResource( 3 )

[node name="MoveIndicator" parent="." index="2"]
transform = Transform( 0.25, -8.14603e-08, -0.433013, -1.62921e-07, -0.5, 0, -0.433013, 1.41093e-07, -0.25, 0.134225, 1.84337, 0.825009 )

[node name="LilBuddy" parent="Moves" index="0" instance=ExtResource( 10 )]
ap_cost = 2

[node name="CheapShot" parent="Moves" index="1" instance=ExtResource( 8 )]
description = "Deals 8 damage to a single combatant."
ap_cost = 3
damage = 12

[node name="SearingSlash" parent="Moves" index="2" instance=ExtResource( 1 )]

[node name="WhoopsieDaisy" parent="Moves" index="3" instance=ExtResource( 11 )]

[node name="BombVoyage" parent="Moves" index="4" instance=ExtResource( 9 )]
description = "Throw a bomb in the air to deal 7 damage to everyone. "
ap_cost = 5

[node name="WhatIf" parent="Moves" index="5" instance=ExtResource( 12 )]
description = "Resets HP to 10"
ap_cost = 3

[node name="AggressiveTargetSelectLogic" parent="TargetSelectLogic" index="0" instance=ExtResource( 7 )]
