[gd_scene load_steps=48 format=2]

[ext_resource path="res://Assets/CharacterModels/CharacterModel.gd" type="Script" id=1]
[ext_resource path="res://Assets/NewParticles/FlameAttackCastParticles.tscn" type="PackedScene" id=2]
[ext_resource path="res://Assets/NewParticles/StunConstantParticles.tscn" type="PackedScene" id=3]
[ext_resource path="res://Assets/NewParticles/TimeTravelInnerHitParticles.tscn" type="PackedScene" id=4]
[ext_resource path="res://Assets/NewParticles/BurnConstantParticles.tscn" type="PackedScene" id=5]
[ext_resource path="res://Assets/NewParticles/HealthYoinkHitParticles.tscn" type="PackedScene" id=6]
[ext_resource path="res://Assets/NewParticles/HealHitParticles.tscn" type="PackedScene" id=7]
[ext_resource path="res://Assets/NewParticles/TimeTravelOuterHitParticles.tscn" type="PackedScene" id=8]
[ext_resource path="res://Assets/NewParticles/BleedConstantParticles.tscn" type="PackedScene" id=9]
[ext_resource path="res://Assets/NewParticles/BombExplosionHitParticlesMini.tscn" type="PackedScene" id=10]
[ext_resource path="res://Assets/NewParticles/CounterShieldConstantParticles.tscn" type="PackedScene" id=11]
[ext_resource path="res://Assets/NewParticles/DefendShieldConstantParticles.tscn" type="PackedScene" id=12]
[ext_resource path="res://Assets/NewParticles/BombExplosionHitParticles.tscn" type="PackedScene" id=13]
[ext_resource path="res://Assets/NewParticles/PlayerDamageHitParticles.tscn" type="PackedScene" id=14]
[ext_resource path="res://Assets/NewParticles/EnemyDamageHitParticles.tscn" type="PackedScene" id=15]
[ext_resource path="res://Assets/NewParticles/FireBallCastParticles.tscn" type="PackedScene" id=16]
[ext_resource path="res://Assets/NewParticles/ConfuseConstantParticles.tscn" type="PackedScene" id=17]
[ext_resource path="res://Assets/Audio/Abilities/ApplyExplosionOLDSound.ogg" type="AudioStream" id=18]
[ext_resource path="res://Assets/Audio/Abilities/ApplyDamageHumanSound.ogg" type="AudioStream" id=19]
[ext_resource path="res://Assets/Audio/Abilities/ApplyDamageCheaterSound.ogg" type="AudioStream" id=20]
[ext_resource path="res://Assets/Audio/Abilities/CastHealSound.ogg" type="AudioStream" id=21]
[ext_resource path="res://Assets/Audio/Abilities/CastTimeTravelOLDSound.ogg" type="AudioStream" id=22]
[ext_resource path="res://Assets/Audio/Abilities/CastTimeSlashSound.ogg" type="AudioStream" id=23]
[ext_resource path="res://Assets/Audio/Abilities/CastMegaFlameSound.ogg" type="AudioStream" id=24]
[ext_resource path="res://Assets/Audio/Abilities/ApplyBleedSound.ogg" type="AudioStream" id=25]
[ext_resource path="res://Assets/Audio/Abilities/CastFireOLDSound.ogg" type="AudioStream" id=26]
[ext_resource path="res://Assets/Audio/Abilities/ApplyCriticalSound.ogg" type="AudioStream" id=27]
[ext_resource path="res://Assets/Audio/Abilities/ApplyStunSound.ogg" type="AudioStream" id=28]
[ext_resource path="res://Assets/Audio/Abilities/ApplyMissSound.ogg" type="AudioStream" id=29]
[ext_resource path="res://Assets/Audio/Abilities/CastPowerTransferSound.ogg" type="AudioStream" id=30]

[sub_resource type="Animation" id=1]
resource_name = "ApplyBomb"
tracks/0/type = "value"
tracks/0/path = NodePath("Particles/Bomb:emitting")
tracks/0/interp = 1
tracks/0/loop_wrap = true
tracks/0/imported = false
tracks/0/enabled = true
tracks/0/keys = {
"times": PoolRealArray( 0.7, 0.8 ),
"transitions": PoolRealArray( 1, 1 ),
"update": 1,
"values": [ false, true ]
}
tracks/1/type = "audio"
tracks/1/path = NodePath("Sounds/CastSounds")
tracks/1/interp = 1
tracks/1/loop_wrap = true
tracks/1/imported = false
tracks/1/enabled = true
tracks/1/keys = {
"clips": [ {
"end_offset": 0.0,
"start_offset": 0.0,
"stream": null
}, {
"end_offset": 0.0,
"start_offset": 0.0,
"stream": ExtResource( 18 )
}, {
"end_offset": 0.0,
"start_offset": 0.0,
"stream": null
} ],
"times": PoolRealArray( 0, 0.1, 0.9 )
}
tracks/2/type = "value"
tracks/2/path = NodePath("Sounds/CastSounds:unit_db")
tracks/2/interp = 1
tracks/2/loop_wrap = true
tracks/2/imported = false
tracks/2/enabled = true
tracks/2/keys = {
"times": PoolRealArray( 0 ),
"transitions": PoolRealArray( 1 ),
"update": 0,
"values": [ 40.0 ]
}

[sub_resource type="Animation" id=2]
resource_name = "ApplyCounter"
tracks/0/type = "value"
tracks/0/path = NodePath("Particles/CounterShield:emitting")
tracks/0/interp = 1
tracks/0/loop_wrap = true
tracks/0/imported = false
tracks/0/enabled = true
tracks/0/keys = {
"times": PoolRealArray( 0, 0.1 ),
"transitions": PoolRealArray( 1, 1 ),
"update": 1,
"values": [ false, true ]
}
tracks/1/type = "audio"
tracks/1/path = NodePath("Sounds/CastSounds")
tracks/1/interp = 1
tracks/1/loop_wrap = true
tracks/1/imported = false
tracks/1/enabled = true
tracks/1/keys = {
"clips": [ {
"end_offset": 0.0,
"start_offset": 0.0,
"stream": null
}, {
"end_offset": 0.0,
"start_offset": 0.0,
"stream": ExtResource( 29 )
}, {
"end_offset": 0.0,
"start_offset": 0.0,
"stream": null
} ],
"times": PoolRealArray( 0, 0.1, 1 )
}
tracks/2/type = "value"
tracks/2/path = NodePath("Sounds/CastSounds:unit_db")
tracks/2/interp = 1
tracks/2/loop_wrap = true
tracks/2/imported = false
tracks/2/enabled = true
tracks/2/keys = {
"times": PoolRealArray( 0 ),
"transitions": PoolRealArray( 1 ),
"update": 0,
"values": [ 40.0 ]
}

[sub_resource type="Animation" id=3]
tracks/0/type = "value"
tracks/0/path = NodePath("Particles/HumanDamage:emitting")
tracks/0/interp = 1
tracks/0/loop_wrap = true
tracks/0/imported = false
tracks/0/enabled = true
tracks/0/keys = {
"times": PoolRealArray( 0, 0.1 ),
"transitions": PoolRealArray( 1, 1 ),
"update": 1,
"values": [ false, true ]
}
tracks/1/type = "audio"
tracks/1/path = NodePath("Sounds/ApplySounds")
tracks/1/interp = 1
tracks/1/loop_wrap = true
tracks/1/imported = false
tracks/1/enabled = true
tracks/1/keys = {
"clips": [ {
"end_offset": 0.0,
"start_offset": 0.0,
"stream": null
}, {
"end_offset": 0.0,
"start_offset": 0.0,
"stream": ExtResource( 19 )
}, {
"end_offset": 0.0,
"start_offset": 0.0,
"stream": null
} ],
"times": PoolRealArray( 0, 0.1, 1 )
}
tracks/2/type = "value"
tracks/2/path = NodePath("Sounds/ApplySounds:unit_db")
tracks/2/interp = 1
tracks/2/loop_wrap = true
tracks/2/imported = false
tracks/2/enabled = true
tracks/2/keys = {
"times": PoolRealArray( 0 ),
"transitions": PoolRealArray( 1 ),
"update": 0,
"values": [ 40.0 ]
}

[sub_resource type="Animation" id=4]
tracks/0/type = "value"
tracks/0/path = NodePath("Particles/RobotDamage:emitting")
tracks/0/interp = 1
tracks/0/loop_wrap = true
tracks/0/imported = false
tracks/0/enabled = true
tracks/0/keys = {
"times": PoolRealArray( 0, 0.1 ),
"transitions": PoolRealArray( 1, 1 ),
"update": 1,
"values": [ false, true ]
}
tracks/1/type = "audio"
tracks/1/path = NodePath("Sounds/ApplySounds")
tracks/1/interp = 1
tracks/1/loop_wrap = true
tracks/1/imported = false
tracks/1/enabled = true
tracks/1/keys = {
"clips": [ {
"end_offset": 0.0,
"start_offset": 0.0,
"stream": null
}, {
"end_offset": 0.0,
"start_offset": 0.0,
"stream": ExtResource( 20 )
}, {
"end_offset": 0.0,
"start_offset": 0.0,
"stream": null
} ],
"times": PoolRealArray( 0, 0.1, 1 )
}
tracks/2/type = "value"
tracks/2/path = NodePath("Sounds/ApplySounds:unit_db")
tracks/2/interp = 1
tracks/2/loop_wrap = true
tracks/2/imported = false
tracks/2/enabled = true
tracks/2/keys = {
"times": PoolRealArray( 0 ),
"transitions": PoolRealArray( 1 ),
"update": 0,
"values": [ 40.0 ]
}

[sub_resource type="Animation" id=5]
tracks/0/type = "value"
tracks/0/path = NodePath("Particles/Bomb:emitting")
tracks/0/interp = 1
tracks/0/loop_wrap = true
tracks/0/imported = false
tracks/0/enabled = true
tracks/0/keys = {
"times": PoolRealArray( 0.1, 0.3 ),
"transitions": PoolRealArray( 1, 1 ),
"update": 1,
"values": [ false, true ]
}
tracks/1/type = "audio"
tracks/1/path = NodePath("Sounds/ApplySounds")
tracks/1/interp = 1
tracks/1/loop_wrap = true
tracks/1/imported = false
tracks/1/enabled = true
tracks/1/keys = {
"clips": [ {
"end_offset": 0.0,
"start_offset": 0.0,
"stream": null
}, {
"end_offset": 0.0,
"start_offset": 0.0,
"stream": ExtResource( 18 )
}, {
"end_offset": 0.0,
"start_offset": 0.0,
"stream": null
} ],
"times": PoolRealArray( 0, 0.1, 1 )
}
tracks/2/type = "value"
tracks/2/path = NodePath("Sounds/ApplySounds:unit_db")
tracks/2/interp = 1
tracks/2/loop_wrap = true
tracks/2/imported = false
tracks/2/enabled = true
tracks/2/keys = {
"times": PoolRealArray( 0 ),
"transitions": PoolRealArray( 1 ),
"update": 0,
"values": [ 40.0 ]
}

[sub_resource type="Animation" id=6]
tracks/0/type = "value"
tracks/0/path = NodePath("Particles/HealParticles:emitting")
tracks/0/interp = 1
tracks/0/loop_wrap = true
tracks/0/imported = false
tracks/0/enabled = true
tracks/0/keys = {
"times": PoolRealArray( 0.1, 0.2 ),
"transitions": PoolRealArray( 1, 1 ),
"update": 1,
"values": [ false, true ]
}
tracks/1/type = "audio"
tracks/1/path = NodePath("Sounds/ApplySounds")
tracks/1/interp = 1
tracks/1/loop_wrap = true
tracks/1/imported = false
tracks/1/enabled = true
tracks/1/keys = {
"clips": [ {
"end_offset": 0.0,
"start_offset": 0.0,
"stream": null
}, {
"end_offset": 0.0,
"start_offset": 0.0,
"stream": ExtResource( 21 )
}, {
"end_offset": 0.0,
"start_offset": 0.0,
"stream": null
} ],
"times": PoolRealArray( 0, 0.1, 1 )
}
tracks/2/type = "value"
tracks/2/path = NodePath("Sounds/ApplySounds:unit_db")
tracks/2/interp = 1
tracks/2/loop_wrap = true
tracks/2/imported = false
tracks/2/enabled = true
tracks/2/keys = {
"times": PoolRealArray( 0 ),
"transitions": PoolRealArray( 1 ),
"update": 0,
"values": [ 80.0 ]
}

[sub_resource type="Animation" id=7]
resource_name = "ApplyMiniBomb"
tracks/0/type = "value"
tracks/0/path = NodePath("Particles/MiniBomb:emitting")
tracks/0/interp = 1
tracks/0/loop_wrap = true
tracks/0/imported = false
tracks/0/enabled = true
tracks/0/keys = {
"times": PoolRealArray( 0, 0.1 ),
"transitions": PoolRealArray( 1, 1 ),
"update": 1,
"values": [ false, true ]
}
tracks/1/type = "audio"
tracks/1/path = NodePath("Sounds/ApplySounds")
tracks/1/interp = 1
tracks/1/loop_wrap = true
tracks/1/imported = false
tracks/1/enabled = true
tracks/1/keys = {
"clips": [ {
"end_offset": 0.0,
"start_offset": 0.0,
"stream": null
}, {
"end_offset": 0.0,
"start_offset": 0.0,
"stream": ExtResource( 18 )
}, {
"end_offset": 0.0,
"start_offset": 0.0,
"stream": null
} ],
"times": PoolRealArray( 0, 0.1, 1 )
}
tracks/2/type = "value"
tracks/2/path = NodePath("Sounds/ApplySounds:unit_db")
tracks/2/interp = 1
tracks/2/loop_wrap = true
tracks/2/imported = false
tracks/2/enabled = true
tracks/2/keys = {
"times": PoolRealArray( 0 ),
"transitions": PoolRealArray( 1 ),
"update": 0,
"values": [ 40.0 ]
}

[sub_resource type="Animation" id=8]
resource_name = "ApplyReduceHP"
tracks/0/type = "value"
tracks/0/path = NodePath("Particles/AntiHealParticles:emitting")
tracks/0/interp = 1
tracks/0/loop_wrap = true
tracks/0/imported = false
tracks/0/enabled = true
tracks/0/keys = {
"times": PoolRealArray( 0, 0.1 ),
"transitions": PoolRealArray( 1, 1 ),
"update": 1,
"values": [ false, true ]
}
tracks/1/type = "audio"
tracks/1/path = NodePath("Sounds/ApplySounds")
tracks/1/interp = 1
tracks/1/loop_wrap = true
tracks/1/imported = false
tracks/1/enabled = true
tracks/1/keys = {
"clips": [ {
"end_offset": 0.0,
"start_offset": 0.0,
"stream": null
}, {
"end_offset": 0.0,
"start_offset": 0.0,
"stream": ExtResource( 30 )
}, {
"end_offset": 0.0,
"start_offset": 0.0,
"stream": null
} ],
"times": PoolRealArray( 0, 0.1, 1 )
}
tracks/2/type = "value"
tracks/2/path = NodePath("Sounds/ApplySounds:unit_db")
tracks/2/interp = 1
tracks/2/loop_wrap = true
tracks/2/imported = false
tracks/2/enabled = true
tracks/2/keys = {
"times": PoolRealArray( 0 ),
"transitions": PoolRealArray( 1 ),
"update": 0,
"values": [ 40.0 ]
}

[sub_resource type="Animation" id=9]
length = 4.0
tracks/0/type = "value"
tracks/0/path = NodePath("Particles/TimeTravelInner:emitting")
tracks/0/interp = 1
tracks/0/loop_wrap = true
tracks/0/imported = false
tracks/0/enabled = true
tracks/0/keys = {
"times": PoolRealArray( 0.1, 0.3 ),
"transitions": PoolRealArray( 1, 1 ),
"update": 1,
"values": [ false, true ]
}
tracks/1/type = "value"
tracks/1/path = NodePath("Particles/TimeTravelOuter:emitting")
tracks/1/interp = 1
tracks/1/loop_wrap = true
tracks/1/imported = false
tracks/1/enabled = true
tracks/1/keys = {
"times": PoolRealArray( 0.1, 0.3 ),
"transitions": PoolRealArray( 1, 1 ),
"update": 1,
"values": [ false, true ]
}
tracks/2/type = "audio"
tracks/2/path = NodePath("Sounds/ApplySounds")
tracks/2/interp = 1
tracks/2/loop_wrap = true
tracks/2/imported = false
tracks/2/enabled = true
tracks/2/keys = {
"clips": [ {
"end_offset": 0.0,
"start_offset": 0.0,
"stream": null
}, {
"end_offset": 0.0,
"start_offset": 0.0,
"stream": ExtResource( 22 )
}, {
"end_offset": 0.0,
"start_offset": 0.0,
"stream": null
} ],
"times": PoolRealArray( 0, 0.1, 4 )
}
tracks/3/type = "value"
tracks/3/path = NodePath("Sounds/ApplySounds:unit_db")
tracks/3/interp = 1
tracks/3/loop_wrap = true
tracks/3/imported = false
tracks/3/enabled = true
tracks/3/keys = {
"times": PoolRealArray( 0 ),
"transitions": PoolRealArray( 1 ),
"update": 0,
"values": [ 40.0 ]
}

[sub_resource type="Animation" id=10]
tracks/0/type = "audio"
tracks/0/path = NodePath("Sounds/CastSounds")
tracks/0/interp = 1
tracks/0/loop_wrap = true
tracks/0/imported = false
tracks/0/enabled = true
tracks/0/keys = {
"clips": [ {
"end_offset": 0.0,
"start_offset": 0.0,
"stream": null
}, {
"end_offset": 0.0,
"start_offset": 0.0,
"stream": ExtResource( 23 )
}, {
"end_offset": 0.0,
"start_offset": 0.0,
"stream": null
} ],
"times": PoolRealArray( 0, 0.1, 1 )
}
tracks/1/type = "value"
tracks/1/path = NodePath("Sounds/CastSounds:unit_db")
tracks/1/interp = 1
tracks/1/loop_wrap = true
tracks/1/imported = false
tracks/1/enabled = true
tracks/1/keys = {
"times": PoolRealArray( 0 ),
"transitions": PoolRealArray( 1 ),
"update": 0,
"values": [ 40.0 ]
}

[sub_resource type="Animation" id=11]
length = 2.0
tracks/0/type = "value"
tracks/0/path = NodePath("Particles/FlameParticles:emitting")
tracks/0/interp = 1
tracks/0/loop_wrap = true
tracks/0/imported = false
tracks/0/enabled = true
tracks/0/keys = {
"times": PoolRealArray( 0.7, 0.8 ),
"transitions": PoolRealArray( 1, 1 ),
"update": 1,
"values": [ false, true ]
}
tracks/1/type = "audio"
tracks/1/path = NodePath("Sounds/CastSounds")
tracks/1/interp = 1
tracks/1/loop_wrap = true
tracks/1/imported = false
tracks/1/enabled = true
tracks/1/keys = {
"clips": [ {
"end_offset": 0.0,
"start_offset": 0.0,
"stream": null
}, {
"end_offset": 0.0,
"start_offset": 0.0,
"stream": ExtResource( 24 )
}, {
"end_offset": 0.0,
"start_offset": 0.0,
"stream": null
} ],
"times": PoolRealArray( 0, 0.1, 2 )
}
tracks/2/type = "value"
tracks/2/path = NodePath("Sounds/CastSounds:unit_db")
tracks/2/interp = 1
tracks/2/loop_wrap = true
tracks/2/imported = false
tracks/2/enabled = true
tracks/2/keys = {
"times": PoolRealArray( 0 ),
"transitions": PoolRealArray( 1 ),
"update": 0,
"values": [ 40.0 ]
}

[sub_resource type="Animation" id=12]
length = 2.0
tracks/0/type = "value"
tracks/0/path = NodePath("Particles/FireBallParticles:emitting")
tracks/0/interp = 1
tracks/0/loop_wrap = true
tracks/0/imported = false
tracks/0/enabled = true
tracks/0/keys = {
"times": PoolRealArray( 0.5, 0.6 ),
"transitions": PoolRealArray( 1, 1 ),
"update": 1,
"values": [ false, true ]
}
tracks/1/type = "audio"
tracks/1/path = NodePath("Sounds/CastSounds")
tracks/1/interp = 1
tracks/1/loop_wrap = true
tracks/1/imported = false
tracks/1/enabled = true
tracks/1/keys = {
"clips": [ {
"end_offset": 0.0,
"start_offset": 0.0,
"stream": null
}, {
"end_offset": 0.0,
"start_offset": 0.0,
"stream": ExtResource( 24 )
}, {
"end_offset": 0.0,
"start_offset": 0.0,
"stream": null
} ],
"times": PoolRealArray( 0, 0.1, 2 )
}
tracks/2/type = "value"
tracks/2/path = NodePath("Sounds/CastSounds:unit_db")
tracks/2/interp = 1
tracks/2/loop_wrap = true
tracks/2/imported = false
tracks/2/enabled = true
tracks/2/keys = {
"times": PoolRealArray( 0 ),
"transitions": PoolRealArray( 1 ),
"update": 0,
"values": [ 40.0 ]
}

[sub_resource type="Animation" id=13]
tracks/0/type = "audio"
tracks/0/path = NodePath("Sounds/ApplySounds")
tracks/0/interp = 1
tracks/0/loop_wrap = true
tracks/0/imported = false
tracks/0/enabled = true
tracks/0/keys = {
"clips": [ {
"end_offset": 0.0,
"start_offset": 0.0,
"stream": null
}, {
"end_offset": 0.0,
"start_offset": 0.0,
"stream": ExtResource( 25 )
}, {
"end_offset": 0.0,
"start_offset": 0.0,
"stream": null
} ],
"times": PoolRealArray( 0, 0.1, 1 )
}
tracks/1/type = "value"
tracks/1/path = NodePath("Sounds/ApplySounds:unit_db")
tracks/1/interp = 1
tracks/1/loop_wrap = true
tracks/1/imported = false
tracks/1/enabled = true
tracks/1/keys = {
"times": PoolRealArray( 0 ),
"transitions": PoolRealArray( 1 ),
"update": 0,
"values": [ 40.0 ]
}
tracks/2/type = "value"
tracks/2/path = NodePath("Particles/BleedParticles:emitting")
tracks/2/interp = 1
tracks/2/loop_wrap = true
tracks/2/imported = false
tracks/2/enabled = true
tracks/2/keys = {
"times": PoolRealArray( 0.1, 0.2 ),
"transitions": PoolRealArray( 1, 1 ),
"update": 1,
"values": [ false, true ]
}

[sub_resource type="Animation" id=14]
length = 2.0
tracks/0/type = "value"
tracks/0/path = NodePath("Particles/BurnParticles:emitting")
tracks/0/interp = 1
tracks/0/loop_wrap = true
tracks/0/imported = false
tracks/0/enabled = true
tracks/0/keys = {
"times": PoolRealArray( 0, 0.1 ),
"transitions": PoolRealArray( 1, 1 ),
"update": 1,
"values": [ false, true ]
}
tracks/1/type = "audio"
tracks/1/path = NodePath("Sounds/StatusSounds")
tracks/1/interp = 1
tracks/1/loop_wrap = true
tracks/1/imported = false
tracks/1/enabled = true
tracks/1/keys = {
"clips": [ {
"end_offset": 0.0,
"start_offset": 0.0,
"stream": null
}, {
"end_offset": 0.0,
"start_offset": 4.0,
"stream": ExtResource( 26 )
}, {
"end_offset": 0.0,
"start_offset": 0.0,
"stream": null
} ],
"times": PoolRealArray( 0, 0.1, 2 )
}
tracks/2/type = "value"
tracks/2/path = NodePath("Sounds/ApplySounds:unit_db")
tracks/2/interp = 1
tracks/2/loop_wrap = true
tracks/2/imported = false
tracks/2/enabled = true
tracks/2/keys = {
"times": PoolRealArray( 0 ),
"transitions": PoolRealArray( 1 ),
"update": 0,
"values": [ 40.0 ]
}

[sub_resource type="Animation" id=15]
length = 2.0
tracks/0/type = "value"
tracks/0/path = NodePath("Particles/ConfuseParticles:emitting")
tracks/0/interp = 1
tracks/0/loop_wrap = true
tracks/0/imported = false
tracks/0/enabled = true
tracks/0/keys = {
"times": PoolRealArray( 0, 0.1 ),
"transitions": PoolRealArray( 1, 1 ),
"update": 1,
"values": [ false, true ]
}
tracks/1/type = "audio"
tracks/1/path = NodePath("Sounds/StatusSounds")
tracks/1/interp = 1
tracks/1/loop_wrap = true
tracks/1/imported = false
tracks/1/enabled = true
tracks/1/keys = {
"clips": [ {
"end_offset": 0.0,
"start_offset": 0.0,
"stream": null
}, {
"end_offset": 0.0,
"start_offset": 0.0,
"stream": ExtResource( 27 )
}, {
"end_offset": 0.0,
"start_offset": 0.0,
"stream": null
} ],
"times": PoolRealArray( 0, 0.1, 2 )
}
tracks/2/type = "value"
tracks/2/path = NodePath("Sounds/StatusSounds:unit_db")
tracks/2/interp = 1
tracks/2/loop_wrap = true
tracks/2/imported = false
tracks/2/enabled = true
tracks/2/keys = {
"times": PoolRealArray( 0 ),
"transitions": PoolRealArray( 1 ),
"update": 0,
"values": [ 40.0 ]
}

[sub_resource type="Animation" id=16]
tracks/0/type = "value"
tracks/0/path = NodePath("Particles/DefendShield:emitting")
tracks/0/interp = 1
tracks/0/loop_wrap = true
tracks/0/imported = false
tracks/0/enabled = true
tracks/0/keys = {
"times": PoolRealArray( 0.2, 0.3 ),
"transitions": PoolRealArray( 1, 1 ),
"update": 1,
"values": [ false, true ]
}
tracks/1/type = "audio"
tracks/1/path = NodePath("Sounds/StatusSounds")
tracks/1/interp = 1
tracks/1/loop_wrap = true
tracks/1/imported = false
tracks/1/enabled = true
tracks/1/keys = {
"clips": [ {
"end_offset": 0.0,
"start_offset": 0.0,
"stream": null
}, {
"end_offset": 0.0,
"start_offset": 0.0,
"stream": ExtResource( 29 )
}, {
"end_offset": 0.0,
"start_offset": 0.0,
"stream": null
} ],
"times": PoolRealArray( 0, 0.1, 1 )
}
tracks/2/type = "value"
tracks/2/path = NodePath("Sounds/StatusSounds:unit_db")
tracks/2/interp = 1
tracks/2/loop_wrap = true
tracks/2/imported = false
tracks/2/enabled = true
tracks/2/keys = {
"times": PoolRealArray( 0 ),
"transitions": PoolRealArray( 1 ),
"update": 0,
"values": [ 40.0 ]
}

[sub_resource type="Animation" id=17]
length = 2.0
tracks/0/type = "value"
tracks/0/path = NodePath("Particles/StunParticles:emitting")
tracks/0/interp = 1
tracks/0/loop_wrap = true
tracks/0/imported = false
tracks/0/enabled = true
tracks/0/keys = {
"times": PoolRealArray( 0.1, 0.2 ),
"transitions": PoolRealArray( 1, 1 ),
"update": 1,
"values": [ false, true ]
}
tracks/1/type = "audio"
tracks/1/path = NodePath("Sounds/StatusSounds")
tracks/1/interp = 1
tracks/1/loop_wrap = true
tracks/1/imported = false
tracks/1/enabled = true
tracks/1/keys = {
"clips": [ {
"end_offset": 0.0,
"start_offset": 0.0,
"stream": null
}, {
"end_offset": 0.0,
"start_offset": 0.0,
"stream": ExtResource( 28 )
}, {
"end_offset": 0.0,
"start_offset": 0.0,
"stream": null
} ],
"times": PoolRealArray( 0, 0.1, 1.5 )
}
tracks/2/type = "value"
tracks/2/path = NodePath("Sounds/StatusSounds:unit_db")
tracks/2/interp = 1
tracks/2/loop_wrap = true
tracks/2/imported = false
tracks/2/enabled = true
tracks/2/keys = {
"times": PoolRealArray( 0 ),
"transitions": PoolRealArray( 1 ),
"update": 0,
"values": [ 40.0 ]
}

[node name="CharacterModel" type="Spatial"]
script = ExtResource( 1 )

[node name="EffectPlayer" type="AnimationPlayer" parent="."]
anims/ApplyBomb = SubResource( 1 )
anims/ApplyCounter = SubResource( 2 )
anims/ApplyDamageHuman = SubResource( 3 )
anims/ApplyDamageRobot = SubResource( 4 )
anims/ApplyExplosion = SubResource( 5 )
anims/ApplyHeal = SubResource( 6 )
anims/ApplyMiniBomb = SubResource( 7 )
anims/ApplyReduceHP = SubResource( 8 )
anims/ApplyTimeTravel = SubResource( 9 )
anims/CastAttack = SubResource( 10 )
anims/CastFire = SubResource( 11 )
anims/CastFireball = SubResource( 12 )
anims/StatusBleed = SubResource( 13 )
anims/StatusBurn = SubResource( 14 )
anims/StatusConfuse = SubResource( 15 )
anims/StatusShield = SubResource( 16 )
anims/StatusStunned = SubResource( 17 )

[node name="Particles" type="Spatial" parent="."]

[node name="BleedParticles" parent="Particles" instance=ExtResource( 9 )]
transform = Transform( 0.5, 0, 0, 0, 0.5, 0, 0, 0, 0.5, 0, 0.660064, 0 )

[node name="Bomb" parent="Particles" instance=ExtResource( 13 )]
transform = Transform( 1, 0, 0, 0, 1, 0, 0, 0, 1, -0.410179, 0.539769, 2.54052 )

[node name="BurnParticles" parent="Particles" instance=ExtResource( 5 )]
transform = Transform( 0.2, 0, 0, 0, 0.2, 0, 0, 0, 0.2, 0, 0.676974, 0 )

[node name="CounterShield" parent="Particles" instance=ExtResource( 11 )]
transform = Transform( -3.25841e-08, 0, -0.2, 0, 0.2, 0, 0.2, 0, -3.25841e-08, 0, 0.802, 0.99 )

[node name="DefendShield" parent="Particles" instance=ExtResource( 12 )]
transform = Transform( 0.2, 0, 0, 0, 0.2, 0, 0, 0, 0.2, 0, 0.802419, 0.990497 )

[node name="FlameParticles" parent="Particles" instance=ExtResource( 2 )]
transform = Transform( -0.5, -1.94707e-07, 8.51092e-15, 0, -2.18557e-08, -0.5, 1.94707e-07, -0.5, 2.18557e-08, 0, 1.05338, 0.548097 )

[node name="HealParticles" parent="Particles" instance=ExtResource( 7 )]
transform = Transform( 0.3, 0, 0, 0, 0.3, 0, 0, 0, 0.3, 0, 0.868549, 0 )
emitting = false

[node name="HumanDamage" parent="Particles" instance=ExtResource( 14 )]
transform = Transform( 0.3, 0, 0, 0, 0.3, 0, 0, 0, 0.3, 0, 0.666312, 0 )

[node name="RobotDamage" parent="Particles" instance=ExtResource( 15 )]
transform = Transform( 0.3, 0, 0, 0, 0.3, 0, 0, 0, 0.3, 0, 0.843734, 0 )

[node name="ConfuseParticles" parent="Particles" instance=ExtResource( 17 )]
transform = Transform( 0.3, 0, 0, 0, 0.3, 0, 0, 0, 0.3, 0, 0.804947, 0 )

[node name="StunParticles" parent="Particles" instance=ExtResource( 3 )]
transform = Transform( 0.3, 0, 0, 0, 0.3, 0, 0, 0, 0.3, 0, 0.804947, 0 )

[node name="TimeTravelInner" parent="Particles" instance=ExtResource( 4 )]
transform = Transform( 0.3, 0, 0, 0, 0.3, 0, 0, 0, 0.3, 0, 0.864342, 0 )

[node name="TimeTravelOuter" parent="Particles" instance=ExtResource( 8 )]
transform = Transform( 0.3, 0, 0, 0, 0.3, 0, 0, 0, 0.3, 0, 0.864342, 0 )

[node name="AntiHealParticles" parent="Particles" instance=ExtResource( 6 )]
transform = Transform( 0.3, 0, 0, 0, 0.3, 0, 0, 0, 0.3, 0, 0.869, 0 )

[node name="MiniBomb" parent="Particles" instance=ExtResource( 10 )]
transform = Transform( 0.3, 0, 0, 0, 0.3, 0, 0, 0, 0.3, 0, 0.78737, 0.470398 )

[node name="FireBallParticles" parent="Particles" instance=ExtResource( 16 )]
transform = Transform( -0.5, 1.62921e-07, -2.65431e-14, 0, -8.14603e-08, -0.5, -1.62921e-07, -0.5, 8.14603e-08, 0, 1.053, 0.554569 )

[node name="Sounds" type="Spatial" parent="."]

[node name="CastSounds" type="AudioStreamPlayer3D" parent="Sounds"]
stream = ExtResource( 18 )
unit_db = 40.0
bus = "Effects"

[node name="ApplySounds" type="AudioStreamPlayer3D" parent="Sounds"]
stream = ExtResource( 25 )
unit_db = 40.0
bus = "Effects"

[node name="StatusSounds" type="AudioStreamPlayer3D" parent="Sounds"]
stream = ExtResource( 28 )
unit_db = 40.0
bus = "Effects"
