[gd_scene load_steps=13 format=2]

[ext_resource path="res://Battle/Combatants/Variants/EnemyCombatant/EnemyCombatant.tscn" type="PackedScene" id=1]
[ext_resource path="res://Battle/Combatants/Variants/EnemyCombatant/Variants/TheThief/TheThief.gd" type="Script" id=2]
[ext_resource path="res://Battle/Moves/Variants/DrainMove/Variants/HPDrain/HPDrain.tscn" type="PackedScene" id=3]
[ext_resource path="res://Battle/TargetSelectLogic/Variants/AggressiveTargetSelectLogic/AggressiveTargetSelectLogic.tscn" type="PackedScene" id=4]
[ext_resource path="res://Assets/CharacterModels/Variants/TheThiefModel/TheThiefModel.tscn" type="PackedScene" id=5]
[ext_resource path="res://Battle/Combatants/Variants/EnemyCombatant/Variants/TheThief/Assets/ThiefCirclePortrait.png" type="Texture" id=6]
[ext_resource path="res://Battle/Moves/Variants/DrainMove/Variants/APDrain/APDrain.tscn" type="PackedScene" id=7]
[ext_resource path="res://Battle/Moves/Variants/AttackMove/Variants/Jab/Jab.tscn" type="PackedScene" id=9]
[ext_resource path="res://Battle/Moves/Variants/AttackMove/Variants/Clobberknocker/ClobberKnocker.tscn" type="PackedScene" id=10]
[ext_resource path="res://Battle/Moves/Variants/AttackAndApplyStatusEffectMove/Variants/GrievousGyration/GrievousGyration.tscn" type="PackedScene" id=11]
[ext_resource path="res://Battle/Moves/Variants/AttackAndApplyStatusEffectMove/Variants/AggravatedAssault/AggravatedAssault.tscn" type="PackedScene" id=12]
[ext_resource path="res://Battle/Moves/Variants/UniqueMoves/MineNow/MineNow.tscn" type="PackedScene" id=13]

[node name="TheThief" instance=ExtResource( 1 )]
script = ExtResource( 2 )
display_name = "The Thief"
portrait = ExtResource( 6 )
default_max_hp = 90
default_max_ap = 90
default_speed = 1

[node name="TheThiefModel" parent="Model" index="0" instance=ExtResource( 5 )]

[node name="MineNow" parent="Moves" index="0" instance=ExtResource( 13 )]

[node name="HPDrain" parent="Moves" index="1" instance=ExtResource( 3 )]

[node name="APDrain" parent="Moves" index="2" instance=ExtResource( 7 )]

[node name="Jab" parent="Moves" index="3" instance=ExtResource( 9 )]

[node name="ClobberKnocker" parent="Moves" index="4" instance=ExtResource( 10 )]

[node name="AggravatedAssault" parent="Moves" index="5" instance=ExtResource( 12 )]

[node name="GreviousGyration" parent="Moves" index="6" instance=ExtResource( 11 )]

[node name="AggressiveTargetSelectLogic" parent="TargetSelectLogic" index="0" instance=ExtResource( 4 )]
