[gd_scene load_steps=15 format=2]

[ext_resource path="res://Battle/Moves/Variants/ModifierMove/Variants/Defend/IconDefend.png" type="Texture" id=1]

[sub_resource type="SpatialMaterial" id=1]
flags_unshaded = true
vertex_color_use_as_albedo = true
vertex_color_is_srgb = true
params_blend_mode = 1
params_billboard_mode = 2
params_billboard_keep_scale = true
albedo_texture = ExtResource( 1 )
depth_enabled = true
depth_scale = 0.05
depth_deep_parallax = false
depth_flip_tangent = false
depth_flip_binormal = false

[sub_resource type="Curve" id=2]
min_value = -360.0
max_value = 360.0
_data = [ Vector2( 0.00632912, 14.7273 ), 0.0, 0.0, 0, 0, Vector2( 1, 360 ), 0.0, 0.0, 0, 0 ]

[sub_resource type="CurveTexture" id=3]
curve = SubResource( 2 )

[sub_resource type="Gradient" id=4]
offsets = PoolRealArray( 0, 0.44, 0.754286, 1 )
colors = PoolColorArray( 0, 0.103292, 0.428223, 1, 0.0396109, 0, 0.624023, 1, 0.322423, 0, 0.483398, 1, 0.239715, 0.114655, 0.431641, 1 )

[sub_resource type="GradientTexture" id=5]
gradient = SubResource( 4 )

[sub_resource type="Curve" id=6]
_data = [ Vector2( 0, 0.804545 ), 0.0, 0.0, 0, 0, Vector2( 0.506329, 0.686364 ), 0.0, 0.0, 0, 0, Vector2( 1, 0 ), 0.0, 0.0, 0, 0 ]

[sub_resource type="CurveTexture" id=7]
curve = SubResource( 6 )

[sub_resource type="Gradient" id=8]
colors = PoolColorArray( 0.0937061, 0.328613, 0.15725, 1, 0, 1, 0.551758, 1 )

[sub_resource type="GradientTexture" id=9]
gradient = SubResource( 8 )

[sub_resource type="Curve" id=10]
_data = [ Vector2( 0, 1 ), 0.0, 0.0, 0, 0, Vector2( 1, 1 ), 0.0, 0.0, 0, 0 ]

[sub_resource type="CurveTexture" id=11]
curve = SubResource( 10 )

[sub_resource type="ParticlesMaterial" id=12]
trail_size_modifier = SubResource( 11 )
trail_color_modifier = SubResource( 9 )
emission_shape = 2
emission_box_extents = Vector3( 0.1, 0.1, 0.1 )
spread = 0.0
gravity = Vector3( 0, 0, 0 )
initial_velocity = 0.1
angular_velocity = 100.0
angular_velocity_random = 1.0
angular_velocity_curve = SubResource( 3 )
linear_accel = 10.0
radial_accel = 1.0
tangential_accel_random = 1.0
scale = 2.0
scale_curve = SubResource( 7 )
color_ramp = SubResource( 5 )

[sub_resource type="QuadMesh" id=13]
size = Vector2( 2.5, 2.5 )

[node name="CounterShield" type="Particles"]
material_override = SubResource( 1 )
emitting = false
amount = 150
lifetime = 1.5
one_shot = true
explosiveness = 1.0
process_material = SubResource( 12 )
draw_pass_1 = SubResource( 13 )
