[gd_scene load_steps=11 format=2]

[ext_resource path="res://Menus/LevelSelectMenu/Components/Buttons/LevelSelectMenuButton.tscn" type="PackedScene" id=1]
[ext_resource path="res://Menus/LevelSelectMenu/Components/Buttons/Variants/BackToMainMenuButton/BackToMainMenuButton.gd" type="Script" id=2]
[ext_resource path="res://Menus/LevelSelectMenu/Components/Buttons/Variants/BackToMainMenuButton/Assets/backToMenuClick.png" type="Texture" id=3]
[ext_resource path="res://Menus/LevelSelectMenu/Components/Buttons/Variants/BackToMainMenuButton/Assets/backToMenuNorm.png" type="Texture" id=4]
[ext_resource path="res://Menus/LevelSelectMenu/Components/Buttons/Variants/BackToMainMenuButton/Assets/backToMenuHover.png" type="Texture" id=5]
[ext_resource path="res://Assets/Audio/Scripts/SoundEffect.tscn" type="PackedScene" id=6]
[ext_resource path="res://Assets/Audio/Sounds/WinterAudioUpdate_Julie/SFX/UI/Tick.wav" type="AudioStream" id=7]

[sub_resource type="StyleBoxTexture" id=1]
texture = ExtResource( 5 )
region_rect = Rect2( 0, 0, 456, 357 )

[sub_resource type="StyleBoxTexture" id=2]
texture = ExtResource( 3 )
region_rect = Rect2( 0, 0, 449, 319 )

[sub_resource type="StyleBoxTexture" id=3]
texture = ExtResource( 4 )
region_rect = Rect2( 0, 0, 462, 286 )

[node name="BackToMainMenuButton" instance=ExtResource( 1 )]
margin_right = 231.0
margin_bottom = 142.0
rect_min_size = Vector2( 231, 143 )
custom_styles/hover = SubResource( 1 )
custom_styles/pressed = SubResource( 2 )
custom_styles/normal = SubResource( 3 )
text = ""
script = ExtResource( 2 )

[node name="Sound Effect" parent="." index="0" instance=ExtResource( 6 )]
path = ExtResource( 7 )
[connection signal="button_up" from="." to="." method="_on_button_up"]
