[gd_scene load_steps=5 format=2]

[ext_resource path="res://UI/Assets/Fonts/EndScreen/FinalVictoryButtons.tres" type="Theme" id=1]
[ext_resource path="res://Menus/GameVictoryScreen/GameVictoryScreen.gd" type="Script" id=2]
[ext_resource path="res://Menus/GameVictoryScreen/Assets/GameVictoryBG.jpg" type="Texture" id=3]
[ext_resource path="res://Menus/CreditsScreen/CreditsScreen.tscn" type="PackedScene" id=4]

[node name="GameVictoryScreen" type="Control"]
anchor_right = 1.0
anchor_bottom = 1.0
script = ExtResource( 2 )
__meta__ = {
"_edit_use_anchors_": false
}

[node name="CreditsScreen" parent="." instance=ExtResource( 4 )]
anchor_left = 0.5
anchor_top = 0.5
anchor_right = 0.5
anchor_bottom = 0.5
margin_left = -640.0
margin_top = -360.0
margin_right = 640.0
margin_bottom = 360.0

[node name="BGTextureRect" type="TextureRect" parent="."]
margin_right = 944.0
margin_bottom = 531.0
texture = ExtResource( 3 )
expand = true
__meta__ = {
"_edit_use_anchors_": false
}

[node name="ButtonsHBox" type="HBoxContainer" parent="."]
anchor_top = 1.0
anchor_right = 1.0
anchor_bottom = 1.0
margin_left = 10.2527
margin_top = -141.495
margin_right = -367.747
margin_bottom = -41.4945
alignment = 1
__meta__ = {
"_edit_use_anchors_": false
}

[node name="ResetGameButton" type="Button" parent="ButtonsHBox"]
margin_left = 122.0
margin_right = 422.0
margin_bottom = 100.0
rect_min_size = Vector2( 300, 100 )
theme = ExtResource( 1 )
text = "RESET GAME"

[node name="VSeparator" type="VSeparator" parent="ButtonsHBox"]
margin_left = 426.0
margin_right = 476.0
margin_bottom = 100.0
rect_min_size = Vector2( 50, 0 )
__meta__ = {
"_edit_use_anchors_": false
}

[node name="ExitGameButton" type="Button" parent="ButtonsHBox"]
margin_left = 480.0
margin_right = 780.0
margin_bottom = 100.0
rect_min_size = Vector2( 300, 100 )
theme = ExtResource( 1 )
text = "EXIT GAME"
[connection signal="button_up" from="ButtonsHBox/ResetGameButton" to="." method="_on_ResetGameButton_button_up"]
[connection signal="button_up" from="ButtonsHBox/ExitGameButton" to="." method="_on_ExitGameButton_button_up"]
